@FOOTNOTE{Note1,key="Note1",note="\protect \url  {http://www.nobelprize.org/nobel_prizes/physics/laureates/1993/index.html}"}
